@book{Spieler2005,
      author        = "Spieler, Helmuth",
      title         = "{Semiconductor Detector Systems}",
      publisher     = "Oxford Univ. Press",
      address       = "Oxford",
      series        = "Semiconductor Science and Technology",
      year          = "2005",
}
@book{Knoll2010,
      author        = "Knoll, Glenn F",
      title         = "{Radiation Detection and Measurement; 4th ed.}",
      publisher     = "Wiley",
      address       = "New York, NY",
      year          = "2010",
}